@misc{Berlin,
    author ={Wikipedia},
    title ={Berlin},
    howpublished ={\url{http://de.wikipedia.org/wiki/Berlin}},
    note = {Whatever}
}
@incollection{raake2014quality,
  title={Quality and quality of experience},
  author={Raake, Alexander and Egger, Sebastian},
  booktitle={Quality of experience},
  pages={11--33},
  year={2014},
  publisher={Springer}
}